101 321081669 3210816691802021630A094101FIRST REPUBLIC BANK    ABC COMPANY
5220ABC COMPANY                         1234567890PPDPAYMENTS        180205   1321081660000001
62232108166999999999999      0000001000               JOHN SMITH              0321081660000001
705THIS IS A TEST FOR 80 CHARACTERS                                                00010000001
63232108166999999999999      0000001000               JOHN SMITH              0321081660000002
705THIS IS A TEST FOR 80 CHARACTERS                                                00020000002
822000000400642163320000000000000000000020001234567890                         321081660000001
9000001000002000000040064216332000000000000000000002000
9999999999999999999999999999999999999999999999999999999999999999999999999999999999999999999999
9999999999999999999999999999999999999999999999999999999999999999999999999999999999999999999999
9999999999999999999999999999999999999999999999999999999999999999999999999999999999999999999999
9999999999999999999999999999999999999999999999999999999999999999999999999999999999999999999999
9999999999999999999999999999999999999999999999999999999999999999999999999999999999999999999999
9999999999999999999999999999999999999999999999999999999999999999999999999999999999999999999999
9999999999999999999999999999999999999999999999999999999999999999999999999999999999999999999999
9999999999999999999999999999999999999999999999999999999999999999999999999999999999999999999999
9999999999999999999999999999999999999999999999999999999999999999999999999999999999999999999999
9999999999999999999999999999999999999999999999999999999999999999999999999999999999999999999999
9999999999999999999999999999999999999999999999999999999999999999999999999999999999999999999999
9999999999999999999999999999999999999999999999999999999999999999999999999999999999999999999999